%% This BibTeX bibliography file was created using BibDesk.
%% https://bibdesk.sourceforge.io/

%% Created for 尾上友紀 at 2023-01-08 23:55:19 +0900 


%% Saved with string encoding Unicode (UTF-8) 



@article{sample,
	author = {F. Hogehoge},
	date-added = {2016-06-15 05:19:05 +0000},
	date-modified = {2016-06-15 05:20:21 +0000},
	journal = {Nuclear Instruments and Methods in Physics Research A},
	title = {Sample article},
	year = {2016}}
